@BOOK{ Paulsen R.:TeX,
  author   = "Paulsen R.",
  title    = "Human behavior and fires: An introduction",
  publisher= "Fire technology",
  volume   = 20,
  year     = 1984
}

@BOOK{ Fruin :TeX,
  author   = "Fruin J.J.",
  title    = "Pedestrian planning and design",
  year     = 1971
}

@BOOK{ Proulx G.n.:TeX,
  author   = "Proulx G.n.",
  title    = "Evacuation time and movement in apartment buildings",
  publisher= "Fire Safety Journal",
  volume   = 24,
  year     = 1995
}

@BOOK{ Frantzich H.:TeX,
  author   = "Frantzich H.",
  title    = "Study of movement on stairs during evacuation using video analysing techniques",
  publisher= "LUTVDG/TVBB--3079--SE",
  year     = 1996
}

@BOOK{ Fujiyama T. and Tyler N.:TeX,
  author   = "Fujiyama T. and Tyler N.",
  title    = "An Explicit Study on Walking Speeds of Pedestrians on Stairs",
  publisher= "Procs 10th International Conference on Mobility and Transport for Elderly and Disabled People ",
  year     = 2004
}

@BOOK{ Tobias K. and Anna G. and Andreas K. and Hubert K. and Tim M. and Michael S.:TeX,
  author   = "Tobias K. and Anna G. and Andreas K. and Hubert K. and Tim M. and Michael S.",
  title    = "Upstairs walking speed distributions on a long stairway",
  publisher= "Safety Science",
  volume   = 46,
  year     = 2008
}

@BOOK{ Galea E.R.:TeX,
  author   = "Galea E.R.",
  title    = "The UK WTC 9/11 Evacuation Study: an Overview of the Methodologies Employed and Some Analysis Relating to Fatigue, Stair Travel Speeds and Occupant Response Times",
  publisher= "in Proceedings of the Fourth International Symposium on Human Behaviour in Fire",
  year     = 2009
}

@BOOK{ Peacock R.D. and Hoskins B.L. and Kuligowski E.D.:TeX,
  author   = "Peacock R.D. and Hoskins B.L. and Kuligowski E.D.",
  title    = "Overall and local movement speeds during fire drill evacuations in buildings up to 31 stories",
  publisher= "Safety Science",
  volume   = 50,
  year     = 2012
}

@BOOK{ Choi J.H. and Galea E.R. and Hong W.H.:TeX,
  author   = "Choi J.H. and Galea E.R. and Hong W.H.",
  title    = "Individual Stair Ascent and Descent Walk Speeds Measured in a Korean High-Rise Building",
  publisher= "Fire Technology",
  volume   = 50,
  year     = 2013
}

@BOOK{ JIN T.:TeX,
  author   = "JIN T.",
  title    = "Studies on Human Behavior and Tenability in Fire Smoke",
  publisher= "Fire Protection Equipment & Safety Center of Japan 2-9-16 Toranomon",
  year     = 1997
}

@BOOK{ Klingsch W. and Rogsch C. and Andreas S.:TeX,
  author   = "Klingsch W. and Rogsch C. and Andreas S.",
  title    = "Evacuation Movement in Photoluminescent Stairwells",
  publisher= "Pedestrian and Evacuation Dynamics 2008",
  year     = 2008
}

@BOOK{ Proulx G. and Tiller D.k. and Kyle B.R. and Crack J.:TeX,
  author   = "Proulx G. and Tiller D.k. and Kyle B.R. and Crack J.",
  title    = "Assessment of Photoluminescent Material During Office Occupant Evacuation",
  publisher= "National Research Council of Canada, Internal Report No.774.",
  year     = 2013
}

@BOOK{ Proulx G. and Bénichou N.:TeX,
  author   = "Proulx G. and Bénichou N.",
  title    = "Photoluminescent Stairway Installation for Evacuation in Office Buildings",
  publisher= "Fire Technology",
  volume   = 46,
  year     = 2009
}

@BOOK{ Jeon G.Y. and Hong W.H.:TeX,
  author   = " G.Y. and Hong W.H.",
  title    = "An experimental study on how phosphorescent guidance equipment influences on evacuation in impaired visibility",
  publisher= "Journal of Loss Prevention in the Process Industries",
  volume   = 22,
  year     = 2009
}


@BOOK{ Gyu-Yeob J. and Ju-Young K. and Won-Hwa H. and Godfried A.:TeX,
  author   = " Gyu-Yeob J. and Ju-Young K. and Won-Hwa H. and Godfried A.",
  title    = "Evacuation performance of individuals in different visibility conditions",
  publisher= "Building and Environmental",
  volume   = 46,
  year     = 2011
}

@BOOK{ Bellamy L. and Geyer T.:TeX,
  author   = "Bellamy L. and Geyer T.",
  title    = "Experimental programme to investigate informative fire warning characteristics for motivating fast evacuation",
  publisher= "London, UK: Building Research Establishment",
  year     = 1990
}

@BOOK{ Waldau N. and Gattermann P. and Knoflacher H. and Schreckenberg M.:TeX,
  author   = " Waldau N. and Gattermann P. and Knoflacher H. and Schreckenberg M.",
  publisher= "Pedestrian and evacuation dynamics 2005",
  year     = 2005
}


@BOOK{ Håkan F. and Nilsson D.:TeX,
  author   = " Håkan F. and Nilsson D.",
  title    = "Utrymning genom tät rök  beteende och förflyttning.",
  publisher= "Department of Fire Safety Engineering Lund University",
  year     = 2003
}

@BOOK{ Fridolf K. and Ronchi E. and Nilsson D. and Frantzich H.:TeX,
  author   = " Fridolf K. and Ronchi E. and Nilsson D. and Frantzich H.",
  title    = "Evacuation performance of individuals in different visibility conditions",
  publisher= "Fire Safety Journal",
  volume   = 59,
  year     = 2013
}

@BOOK{ Fridolf K. and Ronchi E. and Nilsson D. and Frantzich H.:TeX,
  author   = " Fridolf K. and Ronchi E. and Nilsson D. and Frantzich H.",
  title    = "Evacuation performance of individuals in different visibility conditions",
  publisher= "Fire Safety Journal",
  volume   = 59,
  year     = 2013
}

@BOOK{ Lee Y.J.:TeX,
  author   = " Lee Y.J.",
  title    = "Disaster prevention in architecture",
  publisher= "Kimoondang",
  year     = 2002
}

@BOOK{ Hoskins B.L. and Milke J.A.:TeX,
  author   = " Hoskins B.L. and Milke J.A.",
  title    = "Differences in measurement methods for travel distance and area for estimates of occupant speed on stairs",
  publisher= "Fire Safety Journal",
  volume   = 48,
  year     = 2012
}


@BOOK{ Knuth:TeX,
  author    = "Knuth",
  title     = "{LaTeX}: A Document Preparation System (2nd Edition)",
  publisher = "Addison-Wesley",
  year      = 1994,
  note      = "See also \cite{Knuth:TeX}."
}

@INBOOK{ Grandstrand,
  author   = {O. Grandstrand},
  title    = {Innovation and Intellectual Property Rights},
  chapter  = 10,
  crossref = {Fberg04}
}

@BOOK{ Fberg04,
  editor    = {J. Fagerberg and D.C. Mowery and R.R. Nelson}, 
  title     = {Oxford Handbook of Innovation},
  booktitle = {Oxford Handbook of Innovation},
  publisher = {Oxford University Press},
  address   = {Oxford},
  volume    = 1,
  year      = 2004
}

@BOOK{Goo93,
  author    = "Goossens, Michel and Mittelbach, Frank and Samarin, Alexander",
  title     = "The LaTeX Companion",
  year      = "1993",
  publisher = "Addison-Wesley",
  address   = "Reading, Massachusetts"
}
