@manual{PoderPolicia,
address={Florian\'opolis},
month={},
organization={Santa Catarina},
org-short={Santa Catarina},
pages={},
subtitle={},
title={Lei 16.157, de 7 de novembro de 2013},
year={2013}}

@manual{code2009nfpa,
address={Quincy, Massachusetts},
month={},
organization={National Fire Protection Association},
org-short={{NFPA}},
pages={},
subtitle={Life Safety Code},
title={NFPA 101},
year={2000}
}

@manual{NSCI94,
address={Florian\'opolis},
month={},
organization={Santa Catarina. {Pol\'icia Militar. Corpo de Bombeiros} },
org-short={Santa Catarina},
pages={144},
subtitle={2. ed. rev. ampl.},
title={{Normas de seguran{\c c}a contra inc\^endios/Corpo de Bombeiros.}},
year={1992},
publisher={EDEME}
}

@manual{IN09,
address={Florian\'opolis},
month={},
organization={Corpo de Bombeiros Militar de Santa Catarina},
org-short={Corpo de Bombeiros Militar de Santa Catarina},
pages={},
subtitle={ Sistemas de sa\'idas de emerg\^encia},
title={{IN 009/DAT/CBMSC}},
year={2006}}

@manual{NBR9077,
address={Rio de Janeiro},
month={},
organization={Associa{\c c}\~ao Brasileira de Normas T\'ecnicas},
org-short={{ABNT}},
pages={},
subtitle={ Sa\'idas de Emerg\^encia em Edif\'icios},
title={{NBR} 9077},
year={1993}}


@article{malholtra2009preliminary,
  title={Preliminary Report of the Visit to the Scene of Stardust Disco fire in Dublin on 14/15 February, 1981},
  author={Malholtra, HL and Hinkley, PL},
  journal={Building Research Establishment Fire Research Station, contained in the appendices of the Report of the Independent Examination of the Stardust Victims Committee's Case for a Reopened Inquiry into the Stardust Fire Disaster},
  year={2009}
}

@book{goleman1995inteligencia,
  title={Intelig{\^e}ncia emocional: a teoria revolucion{\'a}ria que redefine o que {\'e} ser},
  author={Goleman, Daniel and Santarrita, Marcos},
  year={1995},
  publisher={Objetiva}
}

@inproceedings{bradley1993proposed,
  title={A proposed mathematical model for computer prediction of crowd movements and their associated risks},
  author={Bradley, GE},
  booktitle={Proceedings of the International Conference on Engineering for Crowd Safety},
  pages={303--311},
  year={1993}
}

@article{coffey2009report,
  title={Report of the independent examination of the stardust victims committee's case for a reopened inquiry into the stardust fire disaster},
  author={Coffey, P},
  journal={Department of Justice, Equality and Law Reform, Dublin.[Online] Available from: http://www. justice. ie/en/JELR/REPORT. doc/Files/REPORT. doc [Accessed April 2009]},
  year={2009}
}



@inproceedings{fahy2009panic,
author = {Fahy, Rita F and Proulx, Guylene and Aiman, Lata},
title = "Panic and human behaviour in fire",
booktitle = "Proceedings of the 4th International Symposium on Human Behaviour in Fire",
date = {2009},
publisher = "Proceedings of the 4th International Symposium on Human Behaviour in Fire",
OPTlocation = {Cambridge},
month = {julho},
pages = {387--398},
url = {http://archive.nrc-cnrc.gc.ca/obj/irc/doc/pubs/nrcc51384.pdf},
urlaccessdate={11 jan 2014},
year = "2009"
}

@book{oltmanns1995abnormal,
  title={Abnormal psychology.},
  author={Oltmanns, Thomas F and Emery, Robert E},
  year={1995},
  publisher={Prentice-Hall, Inc}
}

@book{sternberg1995search,
  title={In search of the human mind.},
  author={Sternberg, Robert J},
  year={1995},
  publisher={Harcourt Brace College Publishers}
}

@book{le1897crowd,
  title={The crowd: A study of the popular mind},
  author={Le Bon, Gustave},
  year={1897},
  publisher={Macmillan}
}

@book{goldenson1984longman,
  title={Longman dictionary of psychology and psychiatry},
  author={Goldenson, Robert M and Glanze, Walter D},
  year={1984},
  publisher={Longman New York}
}

@article{johnson1987panic,
  title={Panic at The Who concert stampede: An empirical assessment},
  author={Johnson, Norris R},
  journal={Social Problems},
  pages={362--373},
  volume=34,
  number=4,
  year={1987},
  publisher={JSTOR}
}

@article{keating1982myth,
  title={The myth of panic},
  author={Keating, John P},
  journal={Fire Journal},
  volume={76},
  number={3},
  pages={57--61},
  year={1982},
  publisher={David Fulton Publishers}
}

@book{quarantelli1957behavior,
  title={The behavior of panic participants},
  author={Quarantelli, Enrico L},
  year={1957},
  publisher={National Emergency Training Center}
}


@article{drury2013representing,
  title={Representing crowd behaviour in emergency planning guidance: mass 
  or collective resilience?},
  author={Drury, John and Novelli, David and Stott, Clifford},
  journal={Resilience},
  volume={1},
  number={1},
  pages={18--37},
  year={2013},
  publisher={Taylor \& Francis}
}

@article{drury2012,
  title={Collective resilience in mass emergencies and disasters},
  author={Drury, John},
  journal={The social cure: Identity, health and well-being},
  pages={195},
  year={2012},
  publisher={Psychology Press}
}


@article{ventura2007estudo,
  title={O estudo de caso como modalidade de pesquisa},
  author={Ventura, Magda Maria},
  journal={Revista SoCERJ},
  volume={20},
  number={5},
  pages={383--386},
  year={2007}
}


@phdthesis{wagner2008projeto,
  title={Projeto para sa{\'\i}das de emerg{\^e}ncia: o conceito de desempenho em Santa Catarina},
  author={Wagner, Robson},
  year={2008},
  school={Universidade Federal de Santa Catarina, Centro Tecnol{\'o}gico. Programa de P{\'o}s-gradua{\c{c}}{\~a}o em Arquitetura e Urbanismo.},
  type="Mestrado"
}

@book{diamantes2005priniciples,
  title={Principles of Fire Prevention},
  author={Diamantes, David},
  year={2005},
  publisher={CengageBrain. com}
}

% Silva Jos�
@phdthesis{para2007analise,
  title={An{\'a}lise de factores condicionantes da evacua{\c{c}}{\~a}o de trabalhadores numa unidade industrial},
  author={José Manuel Peixoto Silva},
  year={2007},
  school={Universidade do Porto}
  type="Mestrado"
}
@techreport{miguel2007manual,
  title={Manual de Higiene e Seguran{\c{c}}a do Trabalho, Porto Editora, 10. {\textordfeminine} Edi{\c{c}}{\~a}o, Porto},
  author={Miguel, AS},
  year={2007}, 
  institution={ISBN 978-972-0-01360-6}
}

@book{roloff1981interpersonal,
  title={Interpersonal communication: The social exchange approach},
  author={Roloff, Michael E},
  year={1981},
  publisher={Sage Publications Beverly Hills, CA}
}



% % % % % TRAGEDIAS % % % % % % 
@online{KISS_globo,
ALTauthor = {author},
ALTeditor = {editor},
title = {Como foi a traj\'edia em Santa Maria, RS},
date = {Acessado em 19 de janeiro de 2014},
url = {http://g1.globo.com/rs/rio-grande-do-sul/tragedia-incendio-boate-santa-maria-entenda/platb/},
OPTsubtitle = {subtitle},
OPTtitleaddon = {titleaddon},
OPTlanguage = {language},
OPTversion = {version},
OPTnote = {note},
OPTorganization = {organization},
OPTdate = {date},
OPTmonth = {month},
OPTyear = {year},
OPTaddendum = {addendum},
OPTpubstate = {pubstate},
OPTurldate = {urldate},
}


%IKUA BOLANOS
@article{galeano2004alla,
  title={M{\'a}s all{\'a} de la tragedia,?` d{\'o}nde est{\'a} la responsabilidad?},
  author={Galeano, Ade and Ram{\'\i}rez, Andr{\'e}s},
  journal={Codehupy (2004) Derechos humanos en Paraguay},
  volume={200},
  pages={501--510},
  year={2004}
}

%CROMAGNON
@report{Cromagnon2004,
author = {Argentina},
title = {Senten{\c{c}}a do Caso 2517 - Rep\'ulica Croma\~n\'on},
type = {},
institution = {Poder Judicial de La Naci\'on},
year = {Buenos Aires, 2009},
}

%STATION
@book{grosshandler2005report,
  title={Report of the technical investigation of the station nightclub fire},
  author={Grosshandler, William Lytle and Bryner, Nelson and Madrzykowski, Daniel and Kuntz, Kenneth},
  year={2005},
  publisher={National Institute of Standards and Technology}
}

%STATION
@book{grosshandler2005report_II,
  title={Report of the Technical Investigation of The Station Nightclub Fire:
  Appendices},
  author={Grosshandler, William Lytle and Bryner, Nelson and Madrzykowski, Daniel and Kuntz, Kenneth},
  year={2005},
  publisher={National Institute of Standards and Technology}
}

@inproceedings{galea2008coupled,
  title={Coupled fire/evacuation analysis of the Station Nightclub fire},
  author={Galea, Edwin R and Wang, Zhaozhi and Veeraswamy, Anand and Jia, Fuchen and Lawrence, Peter J and Ewer, John},
  booktitle={the 9th International Symposium on Fire Safety Science},
  pages={465-476},
  year={2008}
}




%KISS
@manual{kissPC,
address={Santa Maria},
month={},
organization={Rio Grande do Sul. {Secretaria de Seguran{\c c}a P\'ublica. Pol\'icia Civil}},
org-short={Rio Grande do Sul},
type = {Inqu\'erito Policial 94/2013/150501},
pages={},
subtitle={},
title={Relat\'orio Final: Inqu\'erito Policial 94/2013/150501 },
year={2013}}

@manual{crea2013,
address={Porto Alegre},
month={fevereiro},
organization={CONSELHO REGIONAL DE ENGENHARIA E AGRONOMIA DO RIO GRANDE DO SUL},
org-short={CREA-RS},
type = {Comissão Especial do CREA-RS},
pages={},
subtitle={},
title={Relat\'orio T\'ecnico: An\'alise do sinistro na boate Kiss, em Santa Maria, RS},
year={2013}}

@article{Emergencia47,
  title={O Holocausto de Santa Maria.},
  author={Rafael Gezger},
  journal={Revista Emerg\^encia},
  volume={47},
  number={1},
  pages={22--31},
  year={2013},
  publisher={Prote\c{c}\~ao Publica\c{c}\~oes}
}

@article{atiyeh2013brazilian,
  title={Brazilian kiss nightclub disaster.},
  author={Atiyeh, B},
  journal={Annals of burns and fire disasters},
  volume={26},
  number={1},
  pages={3--3},
  year={2013},
  publisher={Euro-Mediterranean Council for Burns and Fire Disasters (MBC)}
}

%SIMULACOES
@article{jiang2001use,
  title={The use of evacuation simulation, fire simulation and experimental fire data in forensic fire analysis},
  author={Jiang, H and Gwynne, S and Galea, E and Lawrence, P and Jia, F and Ingason, H},
  journal={Psychological Review},
  volume={105},
  number={3},
  pages={530--557},
  year={2001}
}


% % % % % % % % % REVISAO BIBLIOGRAFICA % % % % % % % % %
%STILL
@phdthesis{still2000crowd,
  address={Coventry, Inglaterra},
  title={Crowd dynamics},
  author={Still, G Keith},
  year={2000},
  school={Universidade de Warwick}
  type="Doutorado"
}


@inbook{ball2003panicking,
   publisher={Nature},
   author={Ball, Philip},
   title={Panicking mice find flaws in exit routes},
   booktitle={Nature},
   year={2013},
   url={http://pt.wikipedia.org/wiki/R%C2%B2http://www.nature.com/news/2003/030923/full/news030922-3.html},
   urlaccessdate={06 jan 2014}
 }
 

@article{helbing2001self,
  title={Self-organizing pedestrian movement},
  author={Helbing, Dirk and Molnar, Peter and Farkas, Illes J and Bolay, Kai},
  journal={Environment and planning B},
  volume={28},
  number={3},
  pages={361--384},
  year={2001},
  publisher={PION LTD}
}

@article{henderson1971statistics,
  title={The statistics of crowd fluids},
  author={Henderson, LF},
  journal={Nature},
  volume={229},
  pages={381--383},
  year={1971}
}

@ARTICLE{valentinsaidas,
AUTHOR =       {Valentin, Marcos Vargas and Ono, Rosaria},
TITLE =        {Sa{\'i}das de emerg{\^e}ncia e comportamento humano: uma abordagem hist{\'o}rica e o estado atual da arte no Brasil},
JOURNAL =      "NUTAU",
YEAR =         "2006",
}





@article{colombo2005pedestrian,
  title={Pedestrian flows and non-classical shocks},
  author={Colombo, Rinaldo M and Rosini, Massimiliano D},
  journal={Mathematical Methods in the Applied Sciences},
  volume={28},
  number={13},
  pages={1553--1567},
  year={2005},
  publisher={Wiley Online Library}
}

@book{schweitzer2007brownian,
  title={Brownian agents and active particles: collective dynamics in the natural and social sciences},
  author={Schweitzer, Frank},
  year={2007},
  publisher={Springer}
}

@article{helbing2007dynamics,
  title={Dynamics of crowd disasters: An empirical study},
  author={Helbing, Dirk and Johansson, Anders and Al-Abideen, Habib Zein},
  journal={Physical review E},
  volume={75},
  number={4},
  pages={046109},
  year={2007},
  publisher={APS}
}


%%%%%%%%%%%%%%%%%%%%%%%%%%%%%%%%%%%%%%%%%%%%%%%%%%%%%%%%%%%%%%%%%%%%%%%%%%%%%%%%%%%%%%%%%%%%%%%%%%%%%%%%%%%%%%%%%%%%%%%%%%%%%%%%%%%%%%%%%%%%%%%%%%%%%%%%%%%%%%%%%%%%%%%%%%%%%%%%%%%%%%%%%%%%%%%%%%%%%%%%%%%%%%%%%%%%%%%%%%%%%%%%%%%%%%%%%%%%%%%%%%%%%%%%%%%%%%%%%%%%%%%%
@masterthesis{saboia2010simulaccao,
address={Campinas},
  title={Simula{\c{c}}{\~a}o de multid{\~o}es com agentes brownianos e modelo de for{\c{c}}as sociais modificado},
  author={Saboia, Priscila Corr{\^e}a},
  year= {2010},
  school= "Instituto de Computação, UNICAMP",
  publisher={Biblioteca Digital da Unicamp},
  type="Mestrado"
}

@masterthesis{steinberg2005desenvolvimento,
address={Campinas},
  title={Desenvolvimento de modelo para simula{\c{c}}{\~a}o de situa{\c{c}}{\~o}es de evacua{\c{c}}{\~a}o de multid{\~o}es},
  author={Steinberg, Jose Gustavo},
  year= "2005",
  school= "Faculdade de Engenharia Civil, UNICAMP",
  publisher={Biblioteca Digital da Unicamp},
  type= "Mestrado"
}


@article{henderson1974fluid,
  title={On the fluid mechanics of human crowd motion},
  author={Henderson, LF},
  journal={Transportation research},
  volume={8},
  number={6},
  pages={509--515},
  year={1974},
  publisher={Elsevier}
}

@phdthesis{coelho2012modelaccao,
author= {Coelho, Ant{\'o}nio Le{\c{c}}a},
TITLE = {Modela{\c{c}}{\~a}o matem{\'a}tica da evacua{\c{c}}{\~a}o de edif{\'\i}cios sujeitos {\`a} ac{\c{c}}{\~a}o de um inc{\^e}ndio},
SCHOOL =       "Faculdade de Engenharia. Universidade do Porto",
YEAR = {1997},
type =         "Doutorado",
}

@book{melinek1975analysis,
  title={An analysis of evacuation times and the movement of crowds in buildings},
  author={Melinek, SJ and Booth, S},
  year={1975},
  publisher={Building Research Establishment}
}

@book{kuligowski2009process,
  title={The process of human behavior in fires},
  author={Kuligowski, Erica D},
  year={2009},
  publisher={US Department of Commerce, National Institute of Standards and Technology}
}

@article{tanimoto2010study,
  title={Study of bottleneck effect at an emergency evacuation exit using cellular automata model, mean field approximation analysis, and game theory},
  author={Tanimoto, Jun and Hagishima, Aya and Tanaka, Yasukaka},
  journal={Physica A: Statistical Mechanics and its Applications},
  volume={389},
  number={24},
  pages={5611--5618},
  year={2010},
  publisher={Elsevier}
}

@article{costa2012aplicaccao,
  title={Aplica{\c{c}}{\~a}o de um modelo num{\'e}rico na avalia{\c{c}}{\~a}o da evacua{\c{c}}{\~a}o de um edif{\'\i}cio},
  author={Costa, Bruno Ricardo da Cunha Esteves},
  year={2009}
}

@article{gil2010metodos,
  title={M{\'e}todos e t{\'e}cnicas de pesquisa social; Methods and techniques of social research},
  author={Gil, Antonio Carlos},
  year={2010},
  publisher={Atlas}
} 

@article{helbing2000simulating,
  title={Simulating dynamical features of escape panic},
  author={Helbing, Dirk and Farkas, Illes and Vicsek, Tamas},
  journal={Nature},
  volume={407},
  number={6803},
  pages={487--490},
  year={2000},
  publisher={Nature Publishing Group}
}

@article{helbing1995social,
  title={Social force model for pedestrian dynamics},
  author={Helbing, Dirk and Molnar, Peter},
  journal={Physical review E},
  volume={51},
  number={5},
  pages={4282},
  year={1995},
  publisher={APS}
}

@inbook{wiki:R2,
	org-short={Wikipedia},
   publisher={Wikipedia},
   title={Coeficiente de determina{\c c}\~ao},
   booktitle={Wikip\'edia: a enciclop\'edia livre},
   year={2014},
   url={http://pt.wikipedia.org/wiki/R%C2%B2},
   urlaccessdate={05 abr 2014}
 }
