% Encoding: UTF-8

@TechReport{tn1680,
  author      = {D. Kuligowski, R.D. Peacock and B.L. Hoskins},
  title       = {Technical Note 1680},
  institution = {NIST},
  year        = {2010},
  type        = {techreport},
  subtitle    = {A review of building evacuation models (2nd edition)},
  location    = {Gaithersburg, USA},
}

@Report{stats2013,
  author = {Centre fédéral de connaissances pour la Sécurité civile},
  title  = {Statistiques 2013 des services d'incendie belges},
  type   = {techreport},
  year   = {2013},
}

@InProceedings{santos,
  author    = {Santos and B.E. Aguirre},
  title     = {A critical review of emergency evacuation simulation models},
  booktitle = {Proceeding of the NIST Workshop on Building Occupant Movement during Fire Emergencies},
  year      = {2004},
  date      = {June 9-10},
  publisher = {NIST},
  location  = {Gaithersburg, USA},
  pages     = {25-50},
}

@Book{castle,
  author    = {J.E Castle},
  title     = {Guidelines for assessing pedestrian evacuation software applications},
  year      = {2007},
  editor    = {Centre for Advanced Spatial Analysis},
  publisher = {University College London},
  location  = {London},
}

@InReference{gwynne1999,
  author    = {M.V Gwynne, E.R. Galea, M. Owen, P.J. Lawrence, L. Fillipidis},
  title     = {Review of modelling methodologies used in the simulation of evacuation},
  booktitle = {J. Build. Environ., 34},
  year      = {1999},
  pages     = {441-749},
}

@InProceedings{gwynne2008,
  author    = {M.V Gwynne and D. Kuligowski},
  title     = {Application modes of egress simulation},
  booktitle = {Proceeding of Pedestrian and Evacuation Dynamics},
  year      = {2008},
  location  = {Wuppertal, Germany},
  pages     = {397-409},
}

@InProceedings{levin1989,
  author    = {M. Levin},
  title     = {EXITT- A simulation model of occupant decisions and actions in residential fires},
  booktitle = {Proceedings of the 2nd International Symposium on Fire Safety Science},
  year      = {1989},
  location  = {Tokyo, Japan},
}

@Comment{jabref-meta: databaseType:biblatex;}
