@BOOK{NFPA502,
  author    = "NFPA (National Fire Protection Association)",
  title     = "NFPA 502: Standard for Road Tunnels, Bridges, and Other Limited Highways.",
  year      = "2014",
  publisher = "National Fire Protection Association",
  address   = "Quincy, MA, USA"
}
@BOOK{Garlock2012,
  author    = "M.E. Garlock and I. Payá-Zaforteza and L. Gu and V. Kodur",
  title     = "Fire Hazard in Bridges: Review, Assessment and Repair Strategies",
  year      = "2012",
  publisher = "Engineering Structures",
  volume    = "35, pp.89-98"
  address   = "Quincy, MA, USA"
}
@BOOK{PerisSayol2016,
  author    = "G. Peris-Sayol and I. Payá-Zaforteza and S. Balasch-Parisi and J. Alós-Moya",
  title     = "Detailed Analysis of the Causes of Bridges Fires and their Associated Damage Levels",
  year      = "2016",
  publisher = "ASCE Journal of Performance of Constructed Facilities",
  volume    = "Accepted"
}
@BOOK{Wright2013,
  author    = "W. Wright and B. Lattimer and M. Woodworth and M. Nahid and E. Sotelino",
  title     = "Highway Bridge Fire Assessment Draft Final Report",
  year      = "2013",
  publisher = "NCHRP Program Transportation Research Board of the National Academies",
  address   = "Virginia Polytechnic Institute and State University"
}
@BOOK{AlosMoya2014,
  author    = "J. Alós-Moya and I. Payá-Zaforteza and M.E. Garlock and E. Loma-Ossorio and D. Schiffner and A. Hospitaler",
  title     = "Analysis of a Bridge Failure due to Fire using Computational Fluid Dynamics and Finite Element Models",
  year      = "2014",
  publisher = "Engineering Structures",
  volume    = "68, pp.96-110"
}
@BOOK{GongandAgrawal2015,
  author    = "X. Gong and A.K. Agrawal",
  title     = "Numerical Simulation of Fire Damage to a Long-Span Truss Bridge",
  year      = "2015",
  publisher = "Journal of Bridge Engineering",
  volume    = "20 (10)"
}
@BOOK{PerisSayol2015,
  author    = "G. Peris-Sayol and I. Payá-Zaforteza and J. Alós-Moya and A. Hospitaler",
  title     = "Analysis of the influence of geometric, modeling and environmental parameters on the fire response of Steel Bridges subjected to Realistic Fire Scenarios",
  year      = "2015",
  publisher = "Computers and Structures",
  volume    = "158, pp.333-345"
}
@BOOK{PayaZaforteza2012,
  author    = "I. Payá-Zaforteza and M.E. Garlock",
  title     = "A Numerical Investigation on the Fire Response of a Steel Girder Bridge",
  year      = "2012",
  publisher = "Journal of Constructional Steel Research",
  volume    = "75, pp. 93-103"
}
@BOOK{Taguchi2015,
  author    = "G. Taguchi and S. Chowdhury and Y. Wu",
  title     = "Taguchi's Quality Engineering Handbook",
  year      = "2012",
  publisher = "Wiley",
  address    = "Hoboken, New Jersey"
  volume   = "ISBN 0-471-41334-8" 
}
@BOOK{SFPE2016,
  author    = "Morgan J. Hurley",
  title     = "SFPE Handbook of Fire Protection Engineering",
  year      = "2016",
  publisher = "Springer",
  address    = "New York, NY, USA"
 volume   = "Fifth Edition" 
}
@BOOK{FDS2016,
  author    = "K. McGrattan and S. Hostikka and R. McDermott and J. Floyd and C. Weinschenk and K. Overholt",
  title     = "Fire Dynamics Simulator User's Guide",
  year      = "2016",
  publisher = "NIST",
  volume    = "Special Publication 1019, Sixth Edition"
  address   = "Gaitherburg, MD"
}
@BOOK{FDSTechnical2016,
  author    = "K. McGrattan and S. Hostikka and R. McDermott and J. Floyd and C. Weinschenk and K. Overholt",
  title     = "Fire Dynamics Simulator Technical Reference Guide Volume 1: Mathematical Model",
  year      = "2016",
  publisher = "NIST",
  volume    = "Special Publication 1018-1, Sixth Edition"
  address   = "Gaitherburg, MD"
}
@BOOK{Wickstrom2007,
  author    = "U. Wickström and D. Dat Duthinh and K. McGrattan",
  title     = "Adiabatic Surface Temperature for Calculating Heat Transfer to Fire Exposed Structures",
  year      = "2007",
  publisher = "Interflam",
  volume    = "2, pp. 943-953",
}
@BOOK{statgraphics,
  author    = "StatPoint Technologies, Inc",
  title     = "STATGRAPHICS: Centurion XVI Manual",
  year      = "2010",
  publisher = "StatPoint Technologies, Inc",
}
@BOOK{PerisSayolASCE,
  author    = "G. Peris-Sayol and I. Payá-Zaforteza and J. Alós-Moya and A. Hospitaler",
  title     = "Analysis of the Influence of Structural Models in Fire Responses of Steel Girders Bridges",
  year      = "2015",
  publisher = "Structures Congress 2015",
  volume    = "pp.160-171",
}