@BOOK{ Knuth:TeX,
  author   = "Knuth, Donald E.",
  title    = "The {T}e{X} book",
  publisher= "Addison-Wesley",
  year     = 1984
}



@BOOK{ Lamport:LaTeX,
  author    = "Lamport, Leslie",
  title     = "{LaTeX}: A Document Preparation System (2nd Edition)",
  publisher = "Addison-Wesley",
  year      = 1994,
  note      = "See also \cite{Knuth:TeX}."
}

@INBOOK{ Grandstrand,
  author   = {O. Grandstrand},
  title    = {Innovation and Intellectual Property Rights},
  chapter  = 10,
  crossref = {Fberg04}
}

@BOOK{ Fberg04,
  editor    = {J. Fagerberg and D.C. Mowery and R.R. Nelson}, 
  title     = {Oxford Handbook of Innovation},
  booktitle = {Oxford Handbook of Innovation},
  publisher = {Oxford University Press},
  address   = {Oxford},
  volume    = 1,
  year      = 2004
}

@BOOK{Goo93,
  author    = "Goossens, Michel and Mittelbach, Frank and Samarin, Alexander",
  title     = "The LaTeX Companion",
  year      = "1993",
  publisher = "Addison-Wesley",
  address   = "Reading, Massachusetts"
}

@Techreport{Assessment,
  author = "Weller, Kevin and Hume, Benjamin",
  title =  "Fire Assessment - Te Papa Tongarewa - Museum of New Zealand",
  year = "2016",
  organization = "Beca Ltd",
  address = "Tauranga, New Zealand"
  }
  
  @Techreport{Design,
  author = "Clements, Paul",
  title =  "Museum of New Zealand Te Papa Tongarewa, Code Compliance Document for New Zealand Building Code Clauses C2, C3, F6, F7 with reference to Fire Safety Systems",
  year = "1994",
  organization = "Fire Risk Consultants Ltd",
  address = "Auckland, New Zealand"
  }
  
   @Manual{FDSGuide,
  author = "McGrattan, Kevin and Hostikka, Simo and McDermott, Randall and Floyd, Jason and Weinschenk, Craig and Overhold, Kristopher",
  title =  "Fire Dynamics SimulatorUserâ€™s Guide - Sixth Edition",
  year = "2013",
  organization = "National Institute of Science and Technology",
  address = "Baltimore, Maryland, USA"
  }
  

     @Manual{PyroSim,
  author = "Thunderhead Engineering",
  title =  "PyroSim User Manual",
  year = "2014",
  organization = "Thunderhead Engineering",
  address = "Manhattan, USA"
  }
  
  @Manual{Firesimulator
  title =  "Technical Reference Guide for FPEtool Version 3.2",
  year = "1995",
  organization = "National Institute of Science and Technology",
  address = "Baltimore, Maryland, USA"
  }
  
  