@BOOK{ NFPA502,
  author   = "NFPA (National Fire Protection Association)",
  title    = "NFPA 502: Standard for Road Tunnels, Bridges and Other Limited Highways",
  publisher= "NFPA",
  year     = 2014
  address   = {Quincy, MA, USA}
}

@BOOK{ FDSRereference,
  author    = "{K. MacGrattan and S. Hostikka and J. Floyd and H. Baum and R. Rehm and W. Mell and R. McDermott}",
  title     = "Fire Dynamics Simulator User's Guide'",
  publisher = "NIST Special Publication 1019",
  year      = 2016
  address   = {Gaitherburg, MD, USA}
}

@BOOK{ Garlock2012,
  author    = {M.E. Garlock and I. Payá-Zaforteza  and L. Gu and V. Kodur}, 
  title     = {Fire Hazard in Bridges: Review, Assessment and Repair Strategies},
  publisher = {Engineering and Structures},
  volume    = 35, pp. 89-98
  year      = 2012
}
@BOOK{ Peris-Sayol-Asce,
  author    = {G. Peris-Sayol and I. Payá-Zaforteza and S. Balasch-Parisi and J. Alós-Moya}, 
  title     = {Detailed Analysis of the causes of bridge fires and their associated damage levels},
  publisher = {ASCE Journal of Performance of Constructed Facilities},
  year      = 2016
}
@BOOK{ Wright,
  author    = {W. Wright and B. Lattimer and M. Woodworth and M. Nahid and E. Sotelino}, 
  title     = {Highway Bridge fire Assesment Draft Final Report},
  publisher = {Prepared for the NCHRP Program Transportation Research Board of the National Academies, Virginia Polytechnic Institute and State University},
  year      = 2013
}
@BOOK{ Alos-Moya,
  author    = {J. Alós-Moya and I. Payá-Zaforteza and M.E. Garlock and E. Loma-Ossorio and D. Schiffner and A. Hospitaler}, 
  title     = {Analysis of a Bridge Failure due to fire using COmputational Fluid Dynamics and Finite Element Models},
  publisher = {Engineering and Structures},
  volume    = 68, pp. 96-110
  year      = 2014
}
@BOOK{ Gong,
  author    = {X. Gong and A.K Agrawal}, 
  title     = {Numerical Simulation of fire damage to a long-span truss bridge},
  publisher = {Journal of Bridge Engineering},
  volume    = 20 (10)
  year      = 2015
}
@BOOK{ Peris-Sayol-Informes,
  author    = {G. Peris-Sayol and I. Payá-Zaforteza and J. Alós-Moya and A. Hospitaler}, 
  title     = {A parametric study on the thermo-mechanical response of a multi-girder bridge submitted to real fire}
  publisher = {Informes de la Construcción},
  volume    = Special Issue 1, pp 1-11. In Spanish.
  year      = 2014
}
@BOOK{ Peris-Sayol-Computers,
  author    = {G. Peris-Sayol and I. Payá-Zaforteza and J. Alós-Moya and A. Hospitaler}, 
  title     = {Analysis of the influence of geometric, modeling and environmental parameters on the fire response of Steel Bridges subjected to realistic fire scenarios}
  publisher = {Computers and Structures},
  volume    = 158, pp. 333-345
  year      = 2015
}
@BOOK{ Taguchi,
  author    = {G. Taguchi, S. Chowdhury, Y. Wu}, 
  title     = {Taguchi's Quality Engineering Handbook}
  publisher = {Wiley},
  address   = {Hoboken, New Jersey}
  ISBN      = 0-471-41334-8
  year      = 2005
}
@BOOK{ SFPEHandbook,
  author    = {Morgan J. Hurley}, 
  title     = {SFPE Handbook of Fire Protection Engineering}
  publisher = {Springer},
  volume = 5th Edition
  ISBN      = 978-1-4939-2564-3
  year      = 2016
  copyright = Society of Fire Protection Engineers
}