@conference{Strege:PED2014,
    author    = "Strege, S.M. and Ferreira, M.J.",
    title     = "Modeling Occupant Ingress at a Secure Building and Using Field Measurements for Calibration",
    booktitle = "Transportation Research Procedia",
    volume   = "2",
    series   = "Conference on Pedestrian and Evacuation Dynamics 2014 (PED2014)",
    pages    = "807-812",
    year      = "2014",
    month    = "October",
    %publisher= "Elsevier",
    %note     = "",
}

@misc{Thunderhead:assist,
      author = "Thunderhead Engineering Consultants Inc",
      title = "Assisted Evacuation \& Vehicles Preview",
      month = "July",
      year = "2016",
      url = "http://www.thunderheadeng.com/2016/07/assisted-evacuation-preview/"
      urldate = "July 16, 2016"
}

@BOOK{ Knuth:TeX,
  author   = "Knuth, Donald E.",
  title    = "The {T}e{X} book",
  publisher= "Addison-Wesley",
  year     = 1984
}

@BOOK{ Lamport:LaTeX,
  author    = "Lamport, Leslie",
  title     = "{LaTeX}: A Document Preparation System (2nd Edition)",
  publisher = "Addison-Wesley",
  year      = 1994,
  note      = "See also \cite{Knuth:TeX}."
}

@INBOOK{ Grandstrand,
  author   = {O. Grandstrand},
  title    = {Innovation and Intellectual Property Rights},
  chapter  = 10,
  crossref = {Fberg04}
}

@BOOK{ Fberg04,
  editor    = {J. Fagerberg and D.C. Mowery and R.R. Nelson}, 
  title     = {Oxford Handbook of Innovation},
  booktitle = {Oxford Handbook of Innovation},
  publisher = {Oxford University Press},
  address   = {Oxford},
  volume    = 1,
  year      = 2004
}

@BOOK{Goo93,
  author    = "Goossens, Michel and Mittelbach, Frank and Samarin, Alexander",
  title     = "The LaTeX Companion",
  year      = "1993",
  publisher = "Addison-Wesley",
  address   = "Reading, Massachusetts"
}
